[gd_scene load_steps=3 format=3 uid="uid://3eid1wcw1hff"]

[ext_resource type="PackedScene" uid="uid://cju6kqc64idkd" path="res://ui/session_view/sidebar/SidebarContentsBase.tscn" id="1_06qvb"]

[sub_resource type="StyleBoxFlat" id="StyleBoxFlat_vcvry"]
bg_color = Color(0.2, 0.27451, 0.286275, 1)

[node name="ChatSidebarContents" instance=ExtResource( "1_06qvb" )]
tab_name = "Chat"

[node name="ScrollContainer" type="ScrollContainer" parent="." index="0"]
offset_right = 224.0
offset_bottom = 434.0
size_flags_vertical = 3

[node name="PanelContainer" type="PanelContainer" parent="ScrollContainer" index="0"]
offset_right = 224.0
offset_bottom = 434.0
size_flags_horizontal = 3
size_flags_vertical = 3
theme_override_styles/panel = SubResource( "StyleBoxFlat_vcvry" )

[node name="Log" type="VBoxContainer" parent="ScrollContainer/PanelContainer" index="0"]
offset_right = 224.0
offset_bottom = 434.0

[node name="Label" type="Label" parent="ScrollContainer/PanelContainer/Log" index="0"]
offset_right = 224.0
offset_bottom = 29.0
text = "Oi
"

[node name="Label2" type="Label" parent="ScrollContainer/PanelContainer/Log" index="1"]
offset_top = 33.0
offset_right = 224.0
offset_bottom = 62.0
text = "Oi
"

[node name="Label3" type="Label" parent="ScrollContainer/PanelContainer/Log" index="2"]
offset_top = 66.0
offset_right = 224.0
offset_bottom = 95.0
text = "Oi
"

[node name="Label4" type="Label" parent="ScrollContainer/PanelContainer/Log" index="3"]
offset_top = 99.0
offset_right = 224.0
offset_bottom = 128.0
text = "Oi
"

[node name="Label5" type="Label" parent="ScrollContainer/PanelContainer/Log" index="4"]
offset_top = 132.0
offset_right = 224.0
offset_bottom = 161.0
text = "Oi
"

[node name="Label6" type="Label" parent="ScrollContainer/PanelContainer/Log" index="5"]
offset_top = 165.0
offset_right = 224.0
offset_bottom = 194.0
text = "Oi
"

[node name="Label7" type="Label" parent="ScrollContainer/PanelContainer/Log" index="6"]
offset_top = 198.0
offset_right = 224.0
offset_bottom = 227.0
text = "Oi
"

[node name="HSeparator" type="Control" parent="." index="1"]
minimum_size = Vector2(0, 50)
offset_top = 438.0
offset_right = 224.0
offset_bottom = 488.0

[node name="TextEdit" type="TextEdit" parent="." index="2"]
minimum_size = Vector2(0, 150)
offset_top = 492.0
offset_right = 224.0
offset_bottom = 642.0

[node name="Button" type="Button" parent="." index="3"]
offset_top = 646.0
offset_right = 224.0
offset_bottom = 688.0
text = "Send"
