[gd_scene load_steps=2 format=3 uid="uid://bnmcv6wla7scg"]

[ext_resource type="PackedScene" uid="uid://cju6kqc64idkd" path="res://ui/session_view/sidebar/SidebarContentsBase.tscn" id="1_o1n6x"]

[node name="SessionSidebarContents" instance=ExtResource( "1_o1n6x" )]
tab_name = "Session"

[node name="Label" type="Label" parent="." index="0"]
offset_right = 224.0
offset_bottom = 82.0
size_flags_vertical = 1
theme_override_font_sizes/font_size = 24
text = "Campanha do Dragão Fedido"
autowrap_mode = 3

[node name="PanelContainer" type="PanelContainer" parent="." index="1"]
offset_top = 86.0
offset_right = 224.0
offset_bottom = 378.0

[node name="VBoxContainer" type="VBoxContainer" parent="PanelContainer" index="0"]
offset_left = 16.0
offset_top = 16.0
offset_right = 208.0
offset_bottom = 276.0

[node name="Label" type="Label" parent="PanelContainer/VBoxContainer" index="0"]
offset_right = 192.0
offset_bottom = 29.0
text = "Player"

[node name="Label2" type="Label" parent="PanelContainer/VBoxContainer" index="1"]
offset_top = 33.0
offset_right = 192.0
offset_bottom = 62.0
text = "Player"

[node name="Label3" type="Label" parent="PanelContainer/VBoxContainer" index="2"]
offset_top = 66.0
offset_right = 192.0
offset_bottom = 95.0
text = "Player"

[node name="Label4" type="Label" parent="PanelContainer/VBoxContainer" index="3"]
offset_top = 99.0
offset_right = 192.0
offset_bottom = 128.0
text = "Player"

[node name="Label5" type="Label" parent="PanelContainer/VBoxContainer" index="4"]
offset_top = 132.0
offset_right = 192.0
offset_bottom = 161.0
text = "Player"

[node name="Label6" type="Label" parent="PanelContainer/VBoxContainer" index="5"]
offset_top = 165.0
offset_right = 192.0
offset_bottom = 194.0
text = "Player"

[node name="Label7" type="Label" parent="PanelContainer/VBoxContainer" index="6"]
offset_top = 198.0
offset_right = 192.0
offset_bottom = 227.0
text = "Player"

[node name="Label8" type="Label" parent="PanelContainer/VBoxContainer" index="7"]
offset_top = 231.0
offset_right = 192.0
offset_bottom = 260.0
text = "Player"

[node name="Button" type="Button" parent="." index="2"]
offset_top = 382.0
offset_right = 224.0
offset_bottom = 424.0
text = "Disconnect"
