[gd_scene load_steps=3 format=3 uid="uid://deqs3urola7nu"]

[ext_resource type="PackedScene" uid="uid://c3fb4ia07pkpi" path="res://ui/common/BaseModalMenu.tscn" id="1_nrehm"]
[ext_resource type="Script" path="res://ui/gm_view/HostSetup.gd" id="2_o4lyy"]

[node name="HostSetup" instance=ExtResource( "1_nrehm" )]
script = ExtResource( "2_o4lyy" )

[node name="Panel" parent="." index="0"]
offset_bottom = 288.0

[node name="Contents" parent="Panel" index="0"]
offset_bottom = 272.0

[node name="Title" parent="Panel/Contents/Header" index="1"]
text = "Host Setup"

[node name="HBoxContainer" type="HBoxContainer" parent="Panel/Contents" index="1"]
offset_top = 67.0
offset_right = 480.0
offset_bottom = 198.0
theme_override_constants/separation = 16

[node name="VBoxContainer" type="VBoxContainer" parent="Panel/Contents/HBoxContainer" index="0"]
offset_right = 125.0
offset_bottom = 131.0
theme_override_constants/separation = 16
alignment = 1

[node name="CampaignLabel" type="Label" parent="Panel/Contents/HBoxContainer/VBoxContainer" index="0"]
offset_top = 2.0
offset_right = 125.0
offset_bottom = 31.0
size_flags_vertical = 6
text = "Hosting campaign:"
horizontal_alignment = 2

[node name="PortLabel" type="Label" parent="Panel/Contents/HBoxContainer/VBoxContainer" index="1"]
offset_top = 51.0
offset_right = 125.0
offset_bottom = 80.0
size_flags_vertical = 6
text = "Port:"
horizontal_alignment = 2

[node name="PasswordLabel" type="Label" parent="Panel/Contents/HBoxContainer/VBoxContainer" index="2"]
offset_top = 100.0
offset_right = 125.0
offset_bottom = 129.0
size_flags_vertical = 6
text = "Password:"
horizontal_alignment = 2

[node name="VBoxContainer2" type="VBoxContainer" parent="Panel/Contents/HBoxContainer" index="1"]
offset_left = 141.0
offset_right = 480.0
offset_bottom = 131.0
size_flags_horizontal = 3
theme_override_constants/separation = 16
alignment = 1

[node name="Campaign" type="LineEdit" parent="Panel/Contents/HBoxContainer/VBoxContainer2" index="0"]
offset_right = 339.0
offset_bottom = 33.0
text = "My Campaign"
editable = false

[node name="Port" type="LineEdit" parent="Panel/Contents/HBoxContainer/VBoxContainer2" index="1"]
offset_top = 49.0
offset_right = 339.0
offset_bottom = 82.0
placeholder_text = "1337"

[node name="Password" type="LineEdit" parent="Panel/Contents/HBoxContainer/VBoxContainer2" index="2"]
offset_top = 98.0
offset_right = 339.0
offset_bottom = 131.0
secret = true

[node name="HostButton" type="Button" parent="Panel/Contents" index="2"]
minimum_size = Vector2(120, 0)
offset_left = 180.0
offset_top = 214.0
offset_right = 300.0
offset_bottom = 256.0
size_flags_horizontal = 4
text = "Host"

[connection signal="pressed" from="Panel/Contents/Header/BackButton" to="." method="_on_back_button_pressed"]
[connection signal="pressed" from="Panel/Contents/HostButton" to="." method="_on_host_button_pressed"]
